@BOOK{Barendregt,
	author = {H.P.Barendregt},
	editor = {J.Barwise and D.Kaplan and H.J.Keisler and P.Suppes ans A.S.Troelstra},
	title = {Studies in Logic and the Foundation of Mathematics - The Lambda calculus. Its Syntax and Semantics},
	publisher = {Elsevier},
	year = {1984},
}


@BOOK{Curry,
	author = {Haskell B. Curry and Robert Fyes and William Craig},
	title = {Combinatory Logic. Volume I},
	publisher = {North-Holland, Amsterdam},
	year = {1958},
}

@book{Church,
  title={The calculi of lambda-conversion},
  author={Church, Alonzo},
  year={1941},
  publisher={Princeton University Press}
}



